<record><leader>00000cas a2200000 a 4500</leader><controlfield tag="001">17728476</controlfield><controlfield tag="008">880404u1967uuuulaumr ne      0   a0eng c</controlfield><datafield ind1=" " ind2=" " tag="010"><subfield code="a">sn 91099511 </subfield></datafield><datafield ind1=" " ind2=" " tag="040"><subfield code="a">KFS</subfield><subfield code="b">eng</subfield><subfield code="c">KFS</subfield><subfield code="d">LNP</subfield><subfield code="d">EYM</subfield><subfield code="d">NYS</subfield><subfield code="d">OCLCQ</subfield><subfield code="d">OCLCO</subfield></datafield><datafield ind1=" " ind2=" " tag="012"><subfield code="i">9310</subfield></datafield><datafield ind1="1" ind2=" " tag="029"><subfield code="a">AU@</subfield><subfield code="b">000020671334</subfield></datafield><datafield ind1=" " ind2=" " tag="042"><subfield code="a">pcc</subfield></datafield><datafield ind1=" " ind2=" " tag="043"><subfield code="a">n-us-la</subfield><subfield code="a">n-us---</subfield></datafield><datafield ind1=" " ind2=" " tag="090"><subfield code="a">HN90.R3</subfield><subfield code="b">M13</subfield></datafield><datafield ind1="0" ind2=" " tag="130"><subfield code="a">MDS newsletter (New Orleans, La.)</subfield></datafield><datafield ind1="1" ind2="0" tag="245"><subfield code="a">MDS newsletter.</subfield></datafield><datafield ind1="3" ind2="0" tag="246"><subfield code="a">M D S newsletter</subfield></datafield><datafield ind1="3" ind2="0" tag="246"><subfield code="a">Movement for a Democratic Society newsletter</subfield></datafield><datafield ind1="3" ind2="0" tag="246"><subfield code="a">New Orleans Movement for a Democratic Society newsletter</subfield></datafield><datafield ind1="3" ind2="0" tag="246"><subfield code="a">New Orleans MDS newsletter</subfield></datafield><datafield ind1="3" ind2="0" tag="246"><subfield code="a">MDS</subfield></datafield><datafield ind1="3" ind2="0" tag="246"><subfield code="a">New Orleans Movement for a Democratic Society MDS newsletter</subfield></datafield><datafield ind1=" " ind2=" " tag="260"><subfield code="a">New Orleans, La. :</subfield><subfield code="b">New Orleans Movement for a Democratic Society,</subfield><subfield code="c">1967-</subfield></datafield><datafield ind1=" " ind2=" " tag="300"><subfield code="a">v. :</subfield><subfield code="b">ill. ;</subfield><subfield code="c">39-42 cm.</subfield></datafield><datafield ind1=" " ind2=" " tag="310"><subfield code="a">Monthly</subfield></datafield><datafield ind1="0" ind2=" " tag="362"><subfield code="a">Vol. 1, no. 7 (July 1967)-</subfield></datafield><datafield ind1=" " ind2=" " tag="500"><subfield code="a">Title from caption.</subfield></datafield><datafield ind1=" " ind2=" " tag="530"><subfield code="a">Available on microfilm from UMI (Underground Newspaper/Press Collection).</subfield></datafield><datafield ind1=" " ind2=" " tag="580"><subfield code="a">Sept. 1967 issue includes v. 1, no. 1 of SLAM newsletter.</subfield></datafield><datafield ind1=" " ind2=" " tag="588"><subfield code="a">Latest issue consulted: Vol. 3, no. 1-2 (Jan.-Feb. 1969) (surrogate).</subfield></datafield><datafield ind1=" " ind2="0" tag="650"><subfield code="a">Radicalism</subfield><subfield code="v">Newspapers.</subfield></datafield><datafield ind1=" " ind2="0" tag="650"><subfield code="a">Socialism</subfield><subfield code="v">Newspapers.</subfield></datafield><datafield ind1=" " ind2="0" tag="651"><subfield code="a">New Orleans (La.)</subfield><subfield code="v">Newspapers.</subfield></datafield><datafield ind1=" " ind2="0" tag="651"><subfield code="a">Orleans Parrish (La.)</subfield><subfield code="v">Newspapers.</subfield></datafield><datafield ind1=" " ind2="0" tag="650"><subfield code="a">Student movements</subfield><subfield code="z">United States</subfield><subfield code="v">Newspapers.</subfield></datafield><datafield ind1=" " ind2="7" tag="655"><subfield code="a">Protest literature</subfield><subfield code="y">1961-1975</subfield><subfield code="v">Newspapers.</subfield><subfield code="2">rbgenr</subfield></datafield><datafield ind1="2" ind2=" " tag="710"><subfield code="a">New Orleans Movement for a Democratic Society.</subfield></datafield><datafield ind1=" " ind2=" " tag="752"><subfield code="a">United States</subfield><subfield code="b">Louisiana</subfield><subfield code="c">Orleans</subfield><subfield code="d">New Orleans.</subfield></datafield><datafield ind1="1" ind2=" " tag="777"><subfield code="t">SLAM newsletter</subfield></datafield><datafield ind1="0" ind2="0" tag="780"><subfield code="t">MDS</subfield><subfield code="w">(DLC)sn 91099510</subfield><subfield code="w">(OCoLC)24308981</subfield></datafield><datafield ind1="0" ind2="0" tag="785"><subfield code="t">Midnight special (New Orleans, La. : 1970)</subfield><subfield code="w">(DLC)sn 94023784</subfield><subfield code="w">(OCoLC)21922891</subfield></datafield><datafield ind1=" " ind2=" " tag="850"><subfield code="a">MiU</subfield></datafield></record>